%% This BibTeX bibliography file was created using BibDesk.
%% http://bibdesk.sourceforge.net/


%% Created for Dmytro Lypai at 2014-01-04 11:09:29 +0100 


%% Saved with string encoding Unicode (UTF-8) 



@article{MonadsAndEffects,
	Author = {Benton, Nick and Hughes, John and Moggi, Eugenio},
	Date-Added = {2014-01-04 09:40:56 +0000},
	Date-Modified = {2014-01-04 09:48:20 +0000},
	Doi = {10.1.1.37.5845},
	Journal = {IN INTERNATIONAL SUMMER SCHOOL ON APPLIED SEMANTICS APPSEM'2000},
	Pages = {42--122},
	Title = {Monads and Effects},
	Volume = {2395},
	Year = {2000},
	Bdsk-Url-1 = {http://citeseerx.ist.psu.edu/viewdoc/summary?doi=10.1.1.37.5845}}

@inproceedings{MonadsForFP,
	Acmid = {734146},
	Address = {London, UK, UK},
	Author = {Wadler, Philip},
	Booktitle = {Advanced Functional Programming, First International Spring School on Advanced Functional Programming Techniques-Tutorial Text},
	Date-Added = {2014-01-04 09:36:47 +0000},
	Date-Modified = {2014-01-04 09:45:52 +0000},
	Isbn = {3-540-59451-5},
	Numpages = {29},
	Pages = {24--52},
	Publisher = {Springer-Verlag},
	Title = {Monads for Functional Programming},
	Url = {http://dl.acm.org/citation.cfm?id=647698.734146},
	Year = {1995},
	Bdsk-Url-1 = {http://dl.acm.org/citation.cfm?id=647698.734146}}

@article{MonadsEffectsAndTrans,
	Author = {Benton, Nick and Kennedy, Andrew},
	Date-Added = {2014-01-04 09:30:44 +0000},
	Date-Modified = {2014-01-04 09:54:34 +0000},
	Doi = {10.1.1.71.4324},
	Journal = {ELECTRONIC NOTES IN THEORETICAL COMPUTER SCIENCE},
	Pages = {1--18},
	Title = {Monads, effects and transformations},
	Volume = {26},
	Year = {1999},
	Bdsk-Url-1 = {http://citeseerx.ist.psu.edu/viewdoc/summary?doi=10.1.1.71.4324}}

@article{MDSforCC,
	Author = {Liang, Sheng and Hudak, Paul},
	Date-Added = {2014-01-04 09:30:18 +0000},
	Date-Modified = {2014-01-04 09:54:14 +0000},
	Doi = {10.1.1.36.7816},
	Journal = {IN EUROPEAN SYMPOSIUM ON PROGRAMMING},
	Pages = {219--234},
	Title = {Modular Denotational Semantics for Compiler Construction},
	Volume = {1058},
	Year = {1996},
	Bdsk-Url-1 = {http://citeseerx.ist.psu.edu/viewdoc/summary?doi=10.1.1.36.7816}}

@article{MTandMI,
	Author = {Liang, Sheng and Hudak, Paul and Jones, Mark},
	Date-Added = {2014-01-04 09:29:50 +0000},
	Date-Modified = {2014-01-04 09:54:22 +0000},
	Doi = {10.1.1.17.268},
	Journal = {IN PROCEEDINGS OF THE 22ND ACM SYMPOSIUM ON PRINCIPLES OF PROGRAMMING LANGUAGES. ACMPRESS},
	Title = {Monad Transformers and Modular Interpreters},
	Year = {1995},
	Bdsk-Url-1 = {http://citeseerx.ist.psu.edu/viewdoc/summary?doi=10.1.1.17.268}}

@article{MConMT,
	Author = {Harrison, William and Kamin, Samuel N.},
	Date-Added = {2014-01-04 09:28:33 +0000},
	Date-Modified = {2014-01-04 09:54:08 +0000},
	Doi = {10.1.1.52.3380},
	Journal = {IN PROCEEDINGS OF THE IEEE INTERNATIONAL CONFERENCE ON COMPUTER LANGUAGES},
	Pages = {122--131},
	Title = {Modular Compilers Based on Monad Transformers},
	Year = {1998},
	Bdsk-Url-1 = {http://citeseerx.ist.psu.edu/viewdoc/summary?doi=10.1.1.52.3380}}

@inproceedings{OptML,
	Acmid = {719241},
	Address = {London, UK, UK},
	Author = {Tolmach, Andrew P.},
	Booktitle = {Proceedings of the Second International Workshop on Types in Compilation},
	Date-Added = {2014-01-04 09:28:04 +0000},
	Date-Modified = {2014-01-04 09:56:52 +0000},
	Isbn = {3-540-64925-5},
	Numpages = {19},
	Pages = {97--115},
	Publisher = {Springer-Verlag},
	Series = {TIC '98},
	Title = {Optimizing {M}{L} Using a Hierarchy of Monadic Types},
	Url = {http://dl.acm.org/citation.cfm?id=647228.719241},
	Year = {1998},
	Bdsk-Url-1 = {http://dl.acm.org/citation.cfm?id=647228.719241}}
