%% This BibTeX bibliography file was created using BibDesk.
%% http://bibdesk.sourceforge.net/


%% Created for Dmytro Lypai at 2014-07-05 17:10:55 +0200 


%% Saved with string encoding Unicode (UTF-8) 



@inproceedings{ModularCompilersForEffects,
	Acmid = {2362969},
	Address = {Berlin, Heidelberg},
	Author = {Day, Laurence E. and Hutton, Graham},
	Booktitle = {Proceedings of the 12th International Conference on Trends in Functional Programming},
	Date-Added = {2014-07-05 15:10:36 +0000},
	Date-Modified = {2014-07-05 15:10:51 +0000},
	Doi = {10.1007/978-3-642-32037-8_4},
	Isbn = {978-3-642-32036-1},
	Keywords = {Haskell, compilation, modularity, monads},
	Location = {Madrid, Spain},
	Numpages = {16},
	Pages = {49--64},
	Publisher = {Springer-Verlag},
	Series = {TFP'11},
	Title = {{Towards Modular Compilers for Effects}},
	Url = {http://dx.doi.org/10.1007/978-3-642-32037-8_4},
	Year = {2012},
	Bdsk-Url-1 = {http://dx.doi.org/10.1007/978-3-642-32037-8_4}}

@article{ParMonad,
	Acmid = {2034685},
	Address = {New York, NY, USA},
	Author = {Marlow, Simon and Newton, Ryan and Peyton Jones, Simon},
	Date-Added = {2014-07-05 15:02:25 +0000},
	Date-Modified = {2014-07-05 15:02:36 +0000},
	Doi = {10.1145/2096148.2034685},
	Issn = {0362-1340},
	Issue_Date = {December 2011},
	Journal = {SIGPLAN Not.},
	Keywords = {haskell, parallel},
	Month = sep,
	Number = {12},
	Numpages = {12},
	Pages = {71--82},
	Publisher = {ACM},
	Title = {{A Monad for Deterministic Parallelism}},
	Url = {http://doi.acm.org/10.1145/2096148.2034685},
	Volume = {46},
	Year = {2011},
	Bdsk-Url-1 = {http://doi.acm.org/10.1145/2096148.2034685},
	Bdsk-Url-2 = {http://dx.doi.org/10.1145/2096148.2034685}}

@article{STG,
	Author = {Simon L. Peyton Jones and Jones, Simon L. Peyton"},
	Date-Added = {2014-07-05 14:53:57 +0000},
	Date-Modified = {2014-07-05 14:54:11 +0000},
	Doi = {10.1.1.53.3729},
	Journal = {JOURNAL OF FUNCTIONAL PROGRAMMING},
	Pages = {127--202},
	Title = {{Implementing lazy functional languages on stock hardware: the Spineless Tagless G-machine - Version 2.5}},
	Volume = {2},
	Year = {1992},
	Bdsk-Url-1 = {http://citeseerx.ist.psu.edu/viewdoc/summary?doi=10.1.1.53.3729}}

@article{ExtensibleEffects,
	Acmid = {2503791},
	Address = {New York, NY, USA},
	Author = {Kiselyov, Oleg and Sabry, Amr and Swords, Cameron},
	Date-Added = {2014-07-05 14:19:30 +0000},
	Date-Modified = {2014-07-05 14:19:44 +0000},
	Doi = {10.1145/2578854.2503791},
	Issn = {0362-1340},
	Issue_Date = {December 2013},
	Journal = {SIGPLAN Not.},
	Keywords = {coroutine, effect handler, effect interaction, monad, monad transformer, open union, type and effect system},
	Month = sep,
	Number = {12},
	Numpages = {12},
	Pages = {59--70},
	Publisher = {ACM},
	Title = {{Extensible Effects: An Alternative to Monad Transformers}},
	Url = {http://doi.acm.org/10.1145/2578854.2503791},
	Volume = {48},
	Year = {2013},
	Bdsk-Url-1 = {http://doi.acm.org/10.1145/2578854.2503791},
	Bdsk-Url-2 = {http://dx.doi.org/10.1145/2578854.2503791}}

@article{Brady,
	Acmid = {2500581},
	Address = {New York, NY, USA},
	Author = {Brady, Edwin},
	Date-Added = {2014-07-05 14:16:51 +0000},
	Date-Modified = {2014-07-05 14:17:06 +0000},
	Doi = {10.1145/2544174.2500581},
	Issn = {0362-1340},
	Issue_Date = {September 2013},
	Journal = {SIGPLAN Not.},
	Keywords = {algebraic effects, dependent types},
	Month = sep,
	Number = {9},
	Numpages = {12},
	Pages = {133--144},
	Publisher = {ACM},
	Title = {{Programming and Reasoning with Algebraic Effects and Dependent Types}},
	Url = {http://doi.acm.org/10.1145/2544174.2500581},
	Volume = {48},
	Year = {2013},
	Bdsk-Url-1 = {http://doi.acm.org/10.1145/2544174.2500581},
	Bdsk-Url-2 = {http://dx.doi.org/10.1145/2544174.2500581}}

@techreport{Koka,
	Abstract = {Note: This is an updated article: a previous version of this article contained a wrong lemma and corresponding mistakes in various proofs of Section 5.We propose a programming model where effects are treated in a disciplined way, and where the potential side-effects of a function are apparent in its type signature. The type and effect of expressions can also be inferred automatically, and we describe a polymorphic type inference system based on Hindley-Milner style inference. A novel feature is that we support polymorphic effects through row-polymorphism using duplicate labels. Moreover, we show that our effects are not just syntactic labels but have a deep semantic connection to the program. For example, if an expression can be typed without an exneffect, then it will never throw an unhandled exception. Similar to Haskell's `runST` we show how we can safely encapsulate stateful operations. Through the state effect, we can also safely combine state with let- polymorphism without needing either imperative type variables or a syntactic value restriction. Finally,our system is implemented fully in a new language called Koka and has been used successfully on various small to medium- sized sample programs ranging from a Markdown processor to a tier-splitted chat application.},
	Author = {Daan Leijen},
	Date-Added = {2014-07-05 14:15:07 +0000},
	Date-Modified = {2014-07-05 14:15:44 +0000},
	Month = {August},
	Number = {MSR-TR-2013-79},
	Title = {{Koka: Programming with Row-Polymorphic Effect Types}},
	Url = {http://research.microsoft.com/apps/pubs/default.aspx?id=200436},
	Year = {2013},
	Bdsk-Url-1 = {http://research.microsoft.com/apps/pubs/default.aspx?id=200436}}

@article{MoggiNotions,
	Acmid = {116984},
	Address = {Duluth, MN, USA},
	Author = {Moggi, Eugenio},
	Date-Added = {2014-07-05 14:12:09 +0000},
	Date-Modified = {2014-07-05 14:15:31 +0000},
	Doi = {10.1016/0890-5401(91)90052-4},
	Issn = {0890-5401},
	Issue_Date = {July 1991},
	Journal = {Inf. Comput.},
	Month = jul,
	Number = {1},
	Numpages = {38},
	Pages = {55--92},
	Publisher = {Academic Press, Inc.},
	Title = {{Notions of Computation and Monads}},
	Url = {http://dx.doi.org/10.1016/0890-5401(91)90052-4},
	Volume = {93},
	Year = {1991},
	Bdsk-Url-1 = {http://dx.doi.org/10.1016/0890-5401(91)90052-4}}

@book{TAPL,
	Author = {Benjamin C. Pierce},
	Bibsource = {DBLP, http://dblp.uni-trier.de},
	Date-Added = {2014-06-26 11:24:24 +0000},
	Date-Modified = {2014-06-26 11:25:40 +0000},
	Isbn = {978-0-262-16209-8},
	Pages = {I-XXI, 1-623},
	Publisher = {MIT Press},
	Title = {Types and programming languages},
	Year = {2002}}

@inproceedings{MonadTransformers,
	Acmid = {199528},
	Address = {New York, NY, USA},
	Author = {Liang, Sheng and Hudak, Paul and Jones, Mark},
	Booktitle = {Proceedings of the 22Nd ACM SIGPLAN-SIGACT Symposium on Principles of Programming Languages},
	Date-Added = {2014-06-26 09:31:24 +0000},
	Date-Modified = {2014-06-26 09:31:47 +0000},
	Doi = {10.1145/199448.199528},
	Isbn = {0-89791-692-1},
	Location = {San Francisco, California, USA},
	Numpages = {11},
	Pages = {333--343},
	Publisher = {ACM},
	Series = {POPL '95},
	Title = {{Monad Transformers and Modular Interpreters}},
	Url = {http://doi.acm.org/10.1145/199448.199528},
	Year = {1995},
	Bdsk-Url-1 = {http://doi.acm.org/10.1145/199448.199528},
	Bdsk-Url-2 = {http://dx.doi.org/10.1145/199448.199528}}

@article{Benton,
	Author = {Benton, Nick and Kennedy, Andrew},
	Date-Added = {2014-06-24 13:21:50 +0000},
	Date-Modified = {2014-06-24 13:28:26 +0000},
	Doi = {10.1.1.71.4324},
	Journal = {ELECTRONIC NOTES IN THEORETICAL COMPUTER SCIENCE},
	Pages = {1--18},
	Title = {{Monads, effects and transformations}},
	Volume = {26},
	Year = {1999},
	Bdsk-Url-1 = {http://citeseerx.ist.psu.edu/viewdoc/summary?doi=10.1.1.71.4324}}

@inproceedings{Tolmach,
	Acmid = {719241},
	Address = {London, UK, UK},
	Author = {Tolmach, Andrew P.},
	Booktitle = {Proceedings of the Second International Workshop on Types in Compilation},
	Date-Added = {2014-06-24 13:18:48 +0000},
	Date-Modified = {2014-06-24 13:28:35 +0000},
	Isbn = {3-540-64925-5},
	Numpages = {19},
	Pages = {97--115},
	Publisher = {Springer-Verlag},
	Series = {TIC '98},
	Title = {{Optimizing ML Using a Hierarchy of Monadic Types}},
	Url = {http://dl.acm.org/citation.cfm?id=647228.719241},
	Year = {1998},
	Bdsk-Url-1 = {http://dl.acm.org/citation.cfm?id=647228.719241}}

@inproceedings{BridgingTheGulf,
	Acmid = {268951},
	Address = {New York, NY, USA},
	Author = {Peyton Jones, Simon and Shields, Mark and Launchbury, John and Tolmach, Andrew},
	Booktitle = {Proceedings of the 25th ACM SIGPLAN-SIGACT Symposium on Principles of Programming Languages},
	Date-Added = {2014-06-24 13:02:46 +0000},
	Date-Modified = {2014-06-24 13:28:18 +0000},
	Doi = {10.1145/268946.268951},
	Isbn = {0-89791-979-3},
	Location = {San Diego, California, USA},
	Numpages = {13},
	Pages = {49--61},
	Publisher = {ACM},
	Series = {POPL '98},
	Title = {{Bridging the Gulf: A Common Intermediate Language for ML and Haskell}},
	Url = {http://doi.acm.org/10.1145/268946.268951},
	Year = {1998},
	Bdsk-Url-1 = {http://doi.acm.org/10.1145/268946.268951},
	Bdsk-Url-2 = {http://dx.doi.org/10.1145/268946.268951}}
